@article{clm,
  title={Mental simulations of social thought and action: Trivial tasks or tools for transforming social policy?},
  author={Crisp, Richard J and Birtel, Mich{\`e}le D and Meleady, Rose},
  journal={Current Directions in Psychological Science},
  volume={20},
  number={4},
  pages={261--264},
  year={2011},
  publisher={Sage Publications Sage CA: Los Angeles, CA}
}
